<collection xmlns="http://www.loc.gov/MARC21/slim">
<record>
  <leader>01679nam0a22002891i 450 </leader>
  <controlfield tag="001">IT\ICCU\CNCE\072621</controlfield>
  <controlfield tag="005">20080407000000.0</controlfield>
  <datafield tag="012" ind1=" " ind2=" ">
    <subfield code="a">i-r- m,at iois do*D (3) 1598 (R)</subfield>
    <subfield code="2">fei</subfield>
  </datafield>
  <datafield tag="100" ind1=" " ind2=" ">
    <subfield code="a">20080403d1598        0itac0103    ba</subfield>
  </datafield>
  <datafield tag="101" ind1=" " ind2=" ">
    <subfield code="a">LAT</subfield>
  </datafield>
  <datafield tag="102" ind1=" " ind2=" ">
    <subfield code="a">IT</subfield>
  </datafield>
  <datafield tag="200" ind1="1" ind2=" ">
    <subfield code="a">Biblia, ad vetustissima exemplaria nunc recens castigata. In quibus, praeter ea quae subsequens praefatio indicat, capita singula ita versibus distincta sunt, vt numeri praefixi, lectorem non remorentur, et loca quaesita tanquam digito demonstrent</subfield>
  </datafield>
  <datafield tag="210" ind1=" " ind2=" ">
    <subfield code="a">Venetiis</subfield>
    <subfield code="c">apud Damianum Zenarum</subfield>
    <subfield code="d">1598</subfield>
    <subfield code="e">Venetiis</subfield>
    <subfield code="g">Altobellus Silicatius excudebat</subfield>
    <subfield code="h">1599</subfield>
  </datafield>
  <datafield tag="215" ind1=" " ind2=" ">
    <subfield code="a">\24!, 1126, \2! p.</subfield>
    <subfield code="c">ill.</subfield>
    <subfield code="d">4</subfield>
  </datafield>
  <datafield tag="300" ind1=" " ind2=" ">
    <subfield code="a">ANNULLATA !!!  vedi 5808 e 5810Front. e testo in cornice xil. -  Segn.: \croce!́ł́ø A-4A8 4B4. -  Bianca l&apos;ultima c. - Tipografo IT\ICCU\BVEV\016909. - editore IT\ICCU\BVEV\017401</subfield>
  </datafield>
  <datafield tag="620" ind1=" " ind2=" ">
    <subfield code="a">IT</subfield>
    <subfield code="d">Venezia</subfield>
  </datafield>
  <datafield tag="712" ind1="0" ind2="0">
    <subfield code="a">Salicato, Altobello</subfield>
    <subfield code="3">IT\ICCU\CNCT\000039</subfield>
    <subfield code="4">650</subfield>
  </datafield>
  <datafield tag="791" ind1="0" ind2="2">
    <subfield code="a">Officina Salicatiana</subfield>
    <subfield code="3">IT\ICCU\CNCT\002589</subfield>
    <subfield code="z">Salicato, Altobello</subfield>
  </datafield>
  <datafield tag="791" ind1="0" ind2="0">
    <subfield code="a">Salicatius, Altobellus</subfield>
    <subfield code="3">IT\ICCU\CNCT\005539</subfield>
    <subfield code="z">Salicato, Altobello</subfield>
  </datafield>
  <datafield tag="791" ind1="0" ind2="0">
    <subfield code="a">Salicatus, Altobellus</subfield>
    <subfield code="3">IT\ICCU\CNCT\005540</subfield>
    <subfield code="z">Salicato, Altobello</subfield>
  </datafield>
  <datafield tag="791" ind1="0" ind2="2">
    <subfield code="a">Libreria della Fortezza</subfield>
    <subfield code="3">IT\ICCU\CNCT\006497</subfield>
    <subfield code="z">Salicato, Altobello</subfield>
  </datafield>
  <datafield tag="801" ind1=" " ind2="3">
    <subfield code="a">IT</subfield>
    <subfield code="b">ICCU</subfield>
    <subfield code="c">20201115</subfield>
  </datafield>
  <datafield tag="899" ind1=" " ind2=" ">
    <subfield code="a">Biblioteca nazionale Sagarriga Visconti-Volpi. Bari</subfield>
    <subfield code="1">BA0018</subfield>
    <subfield code="2">BA1 BA</subfield>
  </datafield>
  <datafield tag="899" ind1=" " ind2=" ">
    <subfield code="a">Biblioteca Padre Antonio Maria Fania da Rignano. San Marco in Lamis</subfield>
    <subfield code="1">FG0088</subfield>
    <subfield code="2">FOG 18</subfield>
  </datafield>
  <datafield tag="899" ind1=" " ind2=" ">
    <subfield code="a">Biblioteca del Seminario vescovile. Carpi</subfield>
    <subfield code="1">MO0013</subfield>
    <subfield code="2">ZMO 14</subfield>
  </datafield>
  <datafield tag="899" ind1=" " ind2=" ">
    <subfield code="a">Biblioteca del Monte. Perugia</subfield>
    <subfield code="1">PG0154</subfield>
    <subfield code="2">UM1 46</subfield>
  </datafield>
  <datafield tag="899" ind1=" " ind2=" ">
    <subfield code="a">Biblioteca civica Bertoliana. Vicenza</subfield>
    <subfield code="1">VI0096</subfield>
    <subfield code="2">VIA BE</subfield>
  </datafield>
</record>
</collection>
